<?xml version="1.0" encoding="UTF-8"?><collection xmlns="http://www.loc.gov/MARC21/slim"><record><leader>00398nam--2200145-i-4500</leader><controlfield tag="001">000029657</controlfield><controlfield tag="002">20161230</controlfield><controlfield tag="005">20161230201037</controlfield><controlfield tag="008">060222s1000------------r-----000-0-eng-d</controlfield><datafield ind1=" " ind2=" " tag="100"><subfield code="a">Lieberman, G.J</subfield></datafield><datafield ind1=" " ind2=" " tag="245"><subfield code="a">Owen, d.b</subfield></datafield><datafield ind1=" " ind2=" " tag="260"><subfield code="a">Tables Of The Hypergeometric Probability Distribution</subfield></datafield><datafield ind1=" " ind2=" " tag="490"><subfield code="a">Stanford, University Press, 1961. 726p</subfield></datafield><datafield ind1=" " ind2=" " tag="852"><subfield code="a">17547</subfield><subfield code="c">518.2</subfield></datafield><datafield ind1=" " ind2=" " tag="CAT"><subfield code="a">Sys</subfield><subfield code="c">20091005</subfield><subfield code="h">092625</subfield></datafield></record></collection>